<?xml version="1.0" encoding="UTF-8"?><collection xmlns="http://www.loc.gov/MARC21/slim"><record><leader>00343nam--2200133-i-4500</leader><controlfield tag="001">000009284</controlfield><controlfield tag="002">20161230</controlfield><controlfield tag="005">20161230201028</controlfield><controlfield tag="008">060222s1000------------r-----000-0-eng-d</controlfield><datafield ind1=" " ind2=" " tag="100"><subfield code="a">Desoer, Charles A.And Kuh, Ernest S</subfield></datafield><datafield ind1=" " ind2=" " tag="245"><subfield code="a">Basic circuits theory</subfield></datafield><datafield ind1=" " ind2=" " tag="260"><subfield code="a">New York, Mcgraw-hill Book Co., 1969</subfield></datafield><datafield ind1=" " ind2=" " tag="490"><subfield code="a">Xix+876p</subfield></datafield><datafield ind1=" " ind2=" " tag="852"><subfield code="a">621.38.04</subfield></datafield></record></collection>